<record><leader>00000cas a2200000 a 4500</leader><controlfield tag="001">62111603</controlfield><controlfield tag="007">hd afb---baca</controlfield><controlfield tag="007">hd bfb---baaa</controlfield><controlfield tag="007">hd bfb---baba</controlfield><controlfield tag="008">051019u1950uuuumduwn nea     0    0pero </controlfield><datafield ind1=" " ind2=" " tag="010"><subfield code="a">sn2005058219</subfield></datafield><datafield ind1=" " ind2=" " tag="040"><subfield code="a">DLC</subfield><subfield code="b">eng</subfield><subfield code="c">DLC</subfield><subfield code="d">DLC</subfield><subfield code="d">OCLCQ</subfield><subfield code="d">OCLCA</subfield><subfield code="d">OCLCF</subfield><subfield code="d">OCLCQ</subfield></datafield><datafield ind1=" " ind2=" " tag="022"><subfield code="y">0185-8160</subfield></datafield><datafield ind1="0" ind2=" " tag="041"><subfield code="a">per</subfield><subfield code="a">eng</subfield></datafield><datafield ind1=" " ind2=" " tag="042"><subfield code="a">pcc</subfield></datafield><datafield ind1=" " ind2=" " tag="043"><subfield code="a">a-ir---</subfield><subfield code="a">n-us-ny</subfield><subfield code="a">n-us-md</subfield></datafield><datafield ind1="0" ind2="0" tag="050"><subfield code="a">Newspaper</subfield></datafield><datafield ind1="0" ind2="0" tag="245"><subfield code="a">Kayha&#772;n-i hava&#772;&#700;i&#772;</subfield></datafield><datafield ind1="1" ind2="3" tag="246"><subfield code="a">Kayhan airmail</subfield></datafield><datafield ind1=" " ind2=" " tag="250"><subfield code="a">Kayhan airmail ed.</subfield></datafield><datafield ind1=" " ind2=" " tag="260"><subfield code="a">Tihra&#772;n :</subfield><subfield code="b">Muassasah-i Kayha&#772;n</subfield></datafield><datafield ind1=" " ind2=" " tag="300"><subfield code="a">volumes</subfield></datafield><datafield ind1=" " ind2=" " tag="310"><subfield code="a">Weekly (except last week of Mar.),</subfield><subfield code="b">&lt;Mar. 21, 1990-Oct. 17, 1990&gt;</subfield></datafield><datafield ind1=" " ind2=" " tag="321"><subfield code="a">Weekly,</subfield><subfield code="b">&lt;May 11, 1983-Mar. 7, 1984&gt;</subfield></datafield><datafield ind1=" " ind2=" " tag="336"><subfield code="a">text</subfield><subfield code="b">txt</subfield><subfield code="2">rdacontent</subfield></datafield><datafield ind1=" " ind2=" " tag="337"><subfield code="a">microform</subfield><subfield code="b">h</subfield><subfield code="2">rdamedia</subfield></datafield><datafield ind1="1" ind2=" " tag="362"><subfield code="a">Began in 1950.</subfield></datafield><datafield ind1=" " ind2=" " tag="500"><subfield code="a">Published: Tihra&#772;n : Muassasah-i Kayha&#772;n, &lt;May 11, 1983-Mar. 7, 1984&gt;; New York : Kayhan Inc., &lt;Mar. 21, 1990-May 9, 1990&gt;; Silver Spring, Md. : Kayhan Inc., &lt;May 30, 1990-Oct. 17, 1990&gt;</subfield></datafield><datafield ind1=" " ind2=" " tag="546"><subfield code="a">In Persian, &lt;May 11, 1983-Mar. 7, 1984&gt;; chiefly in Persian, some English, &lt;Mar. 21, 1990-Oct. 17, 1990&gt;</subfield></datafield><datafield ind1=" " ind2=" " tag="588"><subfield code="a">Description based on: Shuma&#772;rah-i 520 (11 Mih 1983).</subfield></datafield><datafield ind1=" " ind2=" " tag="588"><subfield code="a">Latest issue consulted: Shuma&#772;rah-i 901 (Oct. 17, 1990).</subfield></datafield><datafield ind1=" " ind2=" " tag="533"><subfield code="a">Microfilm.</subfield><subfield code="b">Washington, D.C. :</subfield><subfield code="c">Library of Congress Preservation Microfilming Program :</subfield><subfield code="c">Available from Library of Congress Photoduplication Service.</subfield></datafield><datafield ind1=" " ind2="0" tag="651"><subfield code="a">Tehran (Iran)</subfield><subfield code="v">Newspapers.</subfield></datafield><datafield ind1=" " ind2="0" tag="651"><subfield code="a">New York (N.Y.)</subfield><subfield code="v">Newspapers.</subfield></datafield><datafield ind1=" " ind2="0" tag="651"><subfield code="a">Silver Spring (Md.)</subfield><subfield code="v">Newspapers.</subfield></datafield><datafield ind1=" " ind2="0" tag="650"><subfield code="a">Iranians</subfield><subfield code="z">United States</subfield><subfield code="v">Newspapers.</subfield></datafield><datafield ind1=" " ind2="7" tag="650"><subfield code="a">Iranians.</subfield><subfield code="2">fast</subfield><subfield code="0">(OCoLC)fst00978818</subfield></datafield><datafield ind1=" " ind2="7" tag="651"><subfield code="a">Iran</subfield><subfield code="z">Tehran.</subfield><subfield code="2">fast</subfield><subfield code="0">(OCoLC)fst01204877</subfield></datafield><datafield ind1=" " ind2="7" tag="651"><subfield code="a">Maryland</subfield><subfield code="z">Silver Spring.</subfield><subfield code="2">fast</subfield><subfield code="0">(OCoLC)fst01207317</subfield></datafield><datafield ind1=" " ind2="7" tag="651"><subfield code="a">New York (State)</subfield><subfield code="z">New York.</subfield><subfield code="2">fast</subfield><subfield code="0">(OCoLC)fst01204333</subfield></datafield><datafield ind1=" " ind2="7" tag="651"><subfield code="a">United States.</subfield><subfield code="2">fast</subfield><subfield code="0">(OCoLC)fst01204155</subfield></datafield><datafield ind1=" " ind2="7" tag="655"><subfield code="a">Newspapers.</subfield><subfield code="2">fast</subfield><subfield code="0">(OCoLC)fst01423814</subfield></datafield><datafield ind1=" " ind2=" " tag="752"><subfield code="a">Iran</subfield><subfield code="d">Tehran.</subfield></datafield><datafield ind1=" " ind2=" " tag="752"><subfield code="a">United States</subfield><subfield code="b">New York</subfield><subfield code="c">New York</subfield><subfield code="d">New York.</subfield></datafield><datafield ind1=" " ind2=" " tag="752"><subfield code="a">United States</subfield><subfield code="b">Maryland</subfield><subfield code="c">Montgomery</subfield><subfield code="d">Silver Spring.</subfield></datafield><datafield ind1="1" ind2=" " tag="029"><subfield code="a">AU@</subfield><subfield code="b">000028631065</subfield></datafield></record>